%% This BibTeX bibliography file was created using BibDesk.
%% http://bibdesk.sourceforge.net/


%% Created for Birgit Schlotter at 2013-04-02 01:19:47 +0200 


%% Saved with string encoding Unicode (UTF-8) 



@booklet{jim12,
	Address = {Online im Internet {\url{http://www.mpfs.de/fileadmin/JIM-pdf12/JIM2012_Endversion.pdf}}},
	Author = {Peter Behrens AND Thomas Rathgeb},
	Date-Added = {2013-04-01 23:04:59 +0000},
	Date-Modified = {2013-04-01 23:19:47 +0000},
	Month = {Sichtung 01.04.2013},
	Title = {JIM 2012 - Basisstudie zum Medienumgang 12- bis 19-J{\"a}hriger in Deutschland},
	Year = {2012}}
